% This file was created with JabRef 2.9.2.
% Encoding: UTF-8

@preamble{ " \newcommand{\noop}[1]{} " }

@INPROCEEDINGS{2006ESASP1306...33B,
  author = {{Baglin}, A. and {Auvergne}, M. and {Barge}, P. and {Deleuil}, M.
	and {Catala}, C. and {Michel}, E. and {Weiss}, W. and {COROT Team}
	},
  title = {{Scientific Objectives for a Minisat: CoRoT}},
  booktitle = {ESA Special Publication},
  year = {2006},
  editor = {{Fridlund}, M. and {Baglin}, A. and {Lochard}, J. and {Conroy}, L.
	},
  volume = {1306},
  series = {ESA Special Publication},
  pages = {33},
  month = nov,
  adsnote = {Provided by the SAO/NASA Astrophysics Data System},
  adsurl = {http://adsabs.harvard.edu/abs/2006ESASP1306...33B}
}


@ARTICLE{2011A&A...530A..97B,
   author = {{Ballot}, J. and {Gizon}, L. and {Samadi}, R. and {Vauclair}, G. and 
	{Benomar}, O. and {Bruntt}, H. and {Mosser}, B. and {Stahn}, T. and 
	{Verner}, G.~A. and {Campante}, T.~L. and {Garc{\'{\i}}a}, R.~A. and 
	{Mathur}, S. and {Salabert}, D. and {Gaulme}, P. and {R{\'e}gulo}, C. and 
	{Roxburgh}, I.~W. and {Appourchaux}, T. and {Baudin}, F. and 
	{Catala}, C. and {Chaplin}, W.~J. and {Deheuvels}, S. and {Michel}, E. and 
	{Bazot}, M. and {Creevey}, O. and {Dolez}, N. and {Elsworth}, Y. and 
	{Sato}, K.~H. and {Vauclair}, S. and {Auvergne}, M. and {Baglin}, A.
	},
    title = "{Accurate p-mode measurements of the G0V metal-rich CoRoT target HD 52265}",
  journal = {\aap},
archivePrefix = "arXiv",
   eprint = {1105.3551},
 primaryClass = "astro-ph.SR",
 keywords = {stars: individual: HD 52265, asteroseismology, stars: fundamental parameters, stars: rotation, stars: solar-type},
     year = 2011,
    month = jun,
   volume = 530,
      eid = {A97},
    pages = {A97},
      doi = {10.1051/0004-6361/201116547},
   adsurl = {http://adsabs.harvard.edu/abs/2011A&A...530A..97B},
  adsnote = {Provided by the SAO/NASA Astrophysics Data System}
}

@ARTICLE{2004MNRAS.350..277B,
  author = {{Basu}, S. and {Mazumdar}, A. and {Antia}, H.~M. and {Demarque},
	P. },
  title = {{Asteroseismic determination of helium abundance in stellar envelopes}},
  journal = {\mnras},
  year = {2004},
  volume = {350},
  pages = {277-286},
  month = may,
  adsnote = {Provided by the SAO/NASA Astrophysics Data System},
  adsurl = {http://adsabs.harvard.edu/abs/2004MNRAS.350..277B},
  doi = {10.1111/j.1365-2966.2004.07644.x},
  eprint = {astro-ph/0402360},
  file = {:Asteroseismology/Glitches/2004MNRAS.350..277B.pdf:PDF},
  keywords = {stars: abundances, stars: oscillations}
}



@ARTICLE{2012MNRAS.427.1847B,
   author = {{Bazot}, M. and {Bourguignon}, S. and {Christensen-Dalsgaard}, J.
	},
    title = "{A Bayesian approach to the modelling of {$\alpha$} Cen A}",
  journal = {\mnras},
archivePrefix = "arXiv",
   eprint = {1209.0222},
 primaryClass = "astro-ph.SR",
 keywords = {methods: numerical, methods: statistical, stars: evolution, stars: fundamental parameters, stars: individual: {$\alpha$} Cen A, stars: oscillations},
     year = 2012,
    month = dec,
   volume = 427,
    pages = {1847-1866},
      doi = {10.1111/j.1365-2966.2012.21818.x},
   adsurl = {http://adsabs.harvard.edu/abs/2012MNRAS.427.1847B},
  adsnote = {Provided by the SAO/NASA Astrophysics Data System}
}





@ARTICLE{2011Natur.471..608B,
  author = {{Bedding}, T.~R. and {Mosser}, B. and {Huber}, D. and {Montalb{\'a}n},
	J. and {Beck}, P. and {Christensen-Dalsgaard}, J. and {Elsworth},
	Y.~P. and {Garc{\'{\i}}a}, R.~A. and {Miglio}, A. and {Stello}, D.
	and {White}, T.~R. and {De Ridder}, J. and {Hekker}, S. and {Aerts},
	C. and {Barban}, C. and {Belkacem}, K. and {Broomhall}, A.-M. and
	{Brown}, T.~M. and {Buzasi}, D.~L. and {Carrier}, F. and {Chaplin},
	W.~J. and {di Mauro}, M.~P. and {Dupret}, M.-A. and {Frandsen}, S.
	and {Gilliland}, R.~L. and {Goupil}, M.-J. and {Jenkins}, J.~M. and
	{Kallinger}, T. and {Kawaler}, S. and {Kjeldsen}, H. and {Mathur},
	S. and {Noels}, A. and {Aguirre}, S.~V. and {Ventura}, P.},
  title = {{Gravity modes as a way to distinguish between hydrogen- and helium-burning
	red giant stars}},
  journal = {\nat},
  year = {2011},
  volume = {471},
  pages = {608-611},
  month = mar,
  adsnote = {Provided by the SAO/NASA Astrophysics Data System},
  adsurl = {http://adsabs.harvard.edu/abs/2011Natur.471..608B},
  archiveprefix = {arXiv},
  doi = {10.1038/nature09935},
  eprint = {1103.5805},
  file = {:Asteroseismology/DIagrams/nature09935(1).pdf:PDF},
  primaryclass = {astro-ph.SR}
}

@Article{2009MNRAS.396L.100B,
  Title                    = {{Definitive Sun-as-a-star p-mode frequencies: 23 years of BiSON observations}},
  Author                   = {{Broomhall}, A.-M. and {Chaplin}, W.~J. and {Davies}, G.~R. and {Elsworth}, Y. and {Fletcher}, S.~T. and {Hale}, S.~J. and {Miller}, B. and {New}, R.},
  Journal                  = {\mnras},
  Year                     = {2009},
  Month                    = jun,
  Pages                    = {L100-L104},
  Volume                   = {396},
  Adsnote                  = {Provided by the SAO/NASA Astrophysics Data System},
  Adsurl                   = {http://adsabs.harvard.edu/abs/2009MNRAS.396L.100B},
  Archiveprefix            = {arXiv},
  Doi                      = {10.1111/j.1745-3933.2009.00672.x},
  Eprint                   = {0903.5219},
  File                     = {:/scratch/seismo/angelou/Garsgen_Paper/References/MNRAS-2009-Broomhall-L100-4.pdf:PDF},
  Keywords                 = {methods: data analysis, Sun: oscillations},
  Primaryclass             = {astro-ph.SR}
}


@ARTICLE{2014MNRAS.440.1828B,
  author = {{Broomhall}, A.-M. and {Miglio}, A. and {Montalb{\'a}n}, J. and {Eggenberger},
	P. and {Chaplin}, W.~J. and {Elsworth}, Y. and {Scuflaire}, R. and
	{Ventura}, P. and {Verner}, G.~A.},
  title = {{Prospects for asteroseismic inference on the envelope helium abundance
	in red giant stars}},
  journal = {\mnras},
  year = {2014},
  volume = {440},
  pages = {1828-1843},
  month = may,
  adsnote = {Provided by the SAO/NASA Astrophysics Data System},
  adsurl = {http://adsabs.harvard.edu/abs/2014MNRAS.440.1828B},
  archiveprefix = {arXiv},
  doi = {10.1093/mnras/stu393},
  eprint = {1403.7045},
  file = {:Asteroseismology/Glitches/MNRAS-2014-Broomhall-1828-43.pdf:PDF},
  keywords = {asteroseismology, stars: abundances, stars: interiors, stars: oscillations},
  primaryclass = {astro-ph.SR}
}

@ARTICLE{1991ApJ...368..599B,
  author = {{Brown}, T.~M. and {Gilliland}, R.~L. and {Noyes}, R.~W. and {Ramsey},
	L.~W.},
  title = {{Detection of possible p-mode oscillations on Procyon}},
  journal = {\apj},
  year = {1991},
  volume = {368},
  pages = {599-609},
  month = feb,
  adsnote = {Provided by the SAO/NASA Astrophysics Data System},
  adsurl = {http://adsabs.harvard.edu/abs/1991ApJ...368..599B},
  doi = {10.1086/169725},
  keywords = {F Stars, Late Stars, Stellar Oscillations, Subgiant Stars, Charge
	Coupled Devices, Doppler Effect, Power Spectra, Stellar Luminosity,
	Stellar Temperature}
}
@ARTICLE{1994ApJ...427.1013B,
   author = {{Brown}, T.~M. and {Christensen-Dalsgaard}, J. and {Weibel-Mihalas}, B. and 
	{Gilliland}, R.~L.},
    title = "{The effectiveness of oscillation frequencies in constraining stellar model parameters}",
  journal = {\apj},
 keywords = {Frequencies, Stellar Composition, Stellar Evolution, Stellar Interiors, Stellar Models, Stellar Oscillations, Stellar Structure, Abundance, Astrometry, Binary Stars, Equations Of State, Helium, Opacity, Stellar Mass, Stellar Spectrophotometry},
     year = 1994,
    month = jun,
   volume = 427,
    pages = {1013-1034},
      doi = {10.1086/174208},
   adsurl = {http://adsabs.harvard.edu/abs/1994ApJ...427.1013B},
  adsnote = {Provided by the SAO/NASA Astrophysics Data System}
}


@ARTICLE{2015ApJ...799..170C,
   author = {{Campante}, T.~L. and {Barclay}, T. and {Swift}, J.~J. and {Huber}, D. and 
	{Adibekyan}, V.~Z. and {Cochran}, W. and {Burke}, C.~J. and 
	{Isaacson}, H. and {Quintana}, E.~V. and {Davies}, G.~R. and 
	{Silva Aguirre}, V. and {Ragozzine}, D. and {Riddle}, R. and 
	{Baranec}, C. and {Basu}, S. and {Chaplin}, W.~J. and {Christensen-Dalsgaard}, J. and 
	{Metcalfe}, T.~S. and {Bedding}, T.~R. and {Handberg}, R. and 
	{Stello}, D. and {Brewer}, J.~M. and {Hekker}, S. and {Karoff}, C. and 
	{Kolbl}, R. and {Law}, N.~M. and {Lundkvist}, M. and {Miglio}, A. and 
	{Rowe}, J.~F. and {Santos}, N.~C. and {Van Laerhoven}, C. and 
	{Arentoft}, T. and {Elsworth}, Y.~P. and {Fischer}, D.~A. and 
	{Kawaler}, S.~D. and {Kjeldsen}, H. and {Lund}, M.~N. and {Marcy}, G.~W. and 
	{Sousa}, S.~G. and {Sozzetti}, A. and {White}, T.~R.},
    title = "{An Ancient Extrasolar System with Five Sub-Earth-size Planets}",
  journal = {\apj},
archivePrefix = "arXiv",
   eprint = {1501.06227},
 primaryClass = "astro-ph.EP",
 keywords = {Galaxy: disk, planetary systems, stars: individual: HIP 94931, stars: late-type, stars: oscillations, techniques: photometric },
     year = 2015,
    month = feb,
   volume = 799,
      eid = {170},
    pages = {170},
      doi = {10.1088/0004-637X/799/2/170},
   adsurl = {http://adsabs.harvard.edu/abs/2015ApJ...799..170C},
  adsnote = {Provided by the SAO/NASA Astrophysics Data System}
}




@ARTICLE{2014ApJS..210....1C,
  author = {{Chaplin}, W.~J. and {Basu}, S. and {Huber}, D. and {Serenelli},
	A. and {Casagrande}, L. and {Silva Aguirre}, V. and {Ball}, W.~H.
	and {Creevey}, O.~L. and {Gizon}, L. and {Handberg}, R. and {Karoff},
	C. and {Lutz}, R. and {Marques}, J.~P. and {Miglio}, A. and {Stello},
	D. and {Suran}, M.~D. and {Pricopi}, D. and {Metcalfe}, T.~S. and
	{Monteiro}, M.~J.~P.~F.~G. and {Molenda-{\.Z}akowicz}, J. and {Appourchaux},
	T. and {Christensen-Dalsgaard}, J. and {Elsworth}, Y. and {Garc{\'{\i}}a},
	R.~A. and {Houdek}, G. and {Kjeldsen}, H. and {Bonanno}, A. and {Campante},
	T.~L. and {Corsaro}, E. and {Gaulme}, P. and {Hekker}, S. and {Mathur},
	S. and {Mosser}, B. and {R{\'e}gulo}, C. and {Salabert}, D.},
  title = {{Asteroseismic Fundamental Properties of Solar-type Stars Observed
	by the NASA Kepler Mission}},
  journal = {\apjs},
  year = {2014},
  volume = {210},
  pages = {1},
  month = jan,
  eid = {1},
  adsnote = {Provided by the SAO/NASA Astrophysics Data System},
  adsurl = {http://adsabs.harvard.edu/abs/2014ApJS..210....1C},
  archiveprefix = {arXiv},
  doi = {10.1088/0067-0049/210/1/1},
  eprint = {1310.4001},
  file = {:Asteroseismology/Ages/apjs_210_1_1(1).pdf:PDF},
  keywords = {asteroseismology, methods: data analysis, stars: fundamental parameters,
	stars: interiors },
  primaryclass = {astro-ph.SR}
}


@ARTICLE{2011Sci...332..213C,
   author = {{Chaplin}, W.~J. and {Kjeldsen}, H. and {Christensen-Dalsgaard}, J. and 
	{Basu}, S. and {Miglio}, A. and {Appourchaux}, T. and {Bedding}, T.~R. and 
	{Elsworth}, Y. and {Garc{\'{\i}}a}, R.~A. and {Gilliland}, R.~L. and 
	{Girardi}, L. and {Houdek}, G. and {Karoff}, C. and {Kawaler}, S.~D. and 
	{Metcalfe}, T.~S. and {Molenda-{\.Z}akowicz}, J. and {Monteiro}, M.~J.~P.~F.~G. and 
	{Thompson}, M.~J. and {Verner}, G.~A. and {Ballot}, J. and {Bonanno}, A. and 
	{Brand{\~a}o}, I.~M. and {Broomhall}, A.-M. and {Bruntt}, H. and 
	{Campante}, T.~L. and {Corsaro}, E. and {Creevey}, O.~L. and 
	{Do{\u g}an}, G. and {Esch}, L. and {Gai}, N. and {Gaulme}, P. and 
	{Hale}, S.~J. and {Handberg}, R. and {Hekker}, S. and {Huber}, D. and 
	{Jim{\'e}nez}, A. and {Mathur}, S. and {Mazumdar}, A. and {Mosser}, B. and 
	{New}, R. and {Pinsonneault}, M.~H. and {Pricopi}, D. and {Quirion}, P.-O. and 
	{R{\'e}gulo}, C. and {Salabert}, D. and {Serenelli}, A.~M. and 
	{Silva Aguirre}, V. and {Sousa}, S.~G. and {Stello}, D. and 
	{Stevens}, I.~R. and {Suran}, M.~D. and {Uytterhoeven}, K. and 
	{White}, T.~R. and {Borucki}, W.~J. and {Brown}, T.~M. and {Jenkins}, J.~M. and 
	{Kinemuchi}, K. and {Van Cleve}, J. and {Klaus}, T.~C.},
    title = "{Ensemble Asteroseismology of Solar-Type Stars with the NASA Kepler Mission}",
  journal = {Science},
archivePrefix = "arXiv",
   eprint = {1109.4723},
 primaryClass = "astro-ph.SR",
     year = 2011,
    month = apr,
   volume = 332,
    pages = {213-},
      doi = {10.1126/science.1201827},
   adsurl = {http://adsabs.harvard.edu/abs/2011Sci...332..213C},
  adsnote = {Provided by the SAO/NASA Astrophysics Data System}
}




@ARTICLE{2013ARA&A..51..353C,
  author = {{Chaplin}, W.~J. and {Miglio}, A.},
  title = {{Asteroseismology of Solar-Type and Red-Giant Stars}},
  journal = {\araa},
  year = {2013},
  volume = {51},
  pages = {353-392},
  month = aug,
  adsnote = {Provided by the SAO/NASA Astrophysics Data System},
  adsurl = {http://adsabs.harvard.edu/abs/2013ARA&A..51..353C},
  archiveprefix = {arXiv},
  doi = {10.1146/annurev-astro-082812-140938},
  eprint = {1303.1957},
  file = {:Asteroseismology/Ages/annurev-astro-082812-140938.pdf:PDF},
  primaryclass = {astro-ph.SR}
}

@INPROCEEDINGS{1988IAUS..123..295C,
  author = {{Christensen-Dalsgaard}, J.},
  title = {{A Hertzsprung-Russell Diagram for Stellar Oscillations}},
  booktitle = {Advances in Helio- and Asteroseismology},
  year = {1988},
  editor = {{Christensen-Dalsgaard}, J. and {Frandsen}, S.},
  volume = {123},
  series = {IAU Symposium},
  pages = {295},
  adsnote = {Provided by the SAO/NASA Astrophysics Data System},
  adsurl = {http://adsabs.harvard.edu/abs/1988IAUS..123..295C},
  file = {:Asteroseismology/Ages/1988IAUS__123__295C.pdf:PDF}
}

@INPROCEEDINGS{1984srps.conf...11C,
  author = {{Christensen-Dalsgaard}, J.},
  title = {{What Will Asteroseismology Teach us}},
  booktitle = {Space Research in Stellar Activity and Variability},
  year = {1984},
  editor = {{Mangeney}, A. and {Praderie}, F.},
  pages = {11},
  adsnote = {Provided by the SAO/NASA Astrophysics Data System},
  adsurl = {http://adsabs.harvard.edu/abs/1984srps.conf...11C},
  file = {:Asteroseismology/Ages/1984srps_conf___11C.pdf:PDF}
}

@ARTICLE{2008ApSS.316..113C,
   author = {{Christensen-Dalsgaard}, J.},
    title = "{ADIPLS{\mdash}the Aarhus adiabatic oscillation package}",
  journal = {\apss},
archivePrefix = "arXiv",
   eprint = {0710.3106},
 keywords = {Stars: oscillations, Numerical methods, Asteroseismology},
     year = 2008,
    month = aug,
   volume = 316,
    pages = {113-120},
      doi = {10.1007/s10509-007-9689-z},
   adsurl = {http://adsabs.harvard.edu/abs/2008Ap&SS.316..113C},
  adsnote = {Provided by the SAO/NASA Astrophysics Data System}
}

@ARTICLE{2010Ap&SS.328...51C,
  author = {{Christensen-Dalsgaard}, J. and {Houdek}, G.},
  title = {{Prospects for asteroseismology}},
  journal = {\apss},
  year = {2010},
  volume = {328},
  pages = {51-66},
  month = jul,
  adsnote = {Provided by the SAO/NASA Astrophysics Data System},
  adsurl = {http://adsabs.harvard.edu/abs/2010Ap&SS.328...51C},
  archiveprefix = {arXiv},
  doi = {10.1007/s10509-009-0227-z},
  eprint = {0911.4629},
  file = {:Asteroseismology/Theory/cdH.pdf:PDF},
  keywords = {Asteroseismology, Stellar internal physics, Stellar structure, Stellar
	evolution, Helioseismology, Solar composition},
  primaryclass = {astro-ph.SR}
}

@ARTICLE{2014arXiv1409.7949C,
  author = {{Christensen-Dalsgaard}, J. and {Silva Aguirre}, V. and {Elsworth},
	Y. and {Hekker}, S.},
  title = {{On the asymptotic acoustic-mode phase in red-giant stars and its
	dependence on evolutionary state}},
  journal = {ArXiv e-prints},
  year = {2014},
  month = sep,
  adsnote = {Provided by the SAO/NASA Astrophysics Data System},
  adsurl = {http://adsabs.harvard.edu/abs/2014arXiv1409.7949C},
  archiveprefix = {arXiv},
  eprint = {1409.7949},
  file = {:Asteroseismology/Glitches/1409.7949.pdf:PDF},
  keywords = {Astrophysics - Solar and Stellar Astrophysics},
  primaryclass = {astro-ph.SR}
}

@ARTICLE{2014MNRAS.439.2025D,
   author = {{Davies}, G.~R. and {Broomhall}, A.~M. and {Chaplin}, W.~J. and 
	{Elsworth}, Y. and {Hale}, S.~J.},
    title = "{Low-frequency, low-degree solar p-mode properties from 22 years of Birmingham Solar Oscillations Network data}",
  journal = {\mnras},
 keywords = {methods: data analysis, Sun: helioseismology, Sun: oscillations},
     year = 2014,
    month = apr,
   volume = 439,
    pages = {2025-2032},
      doi = {10.1093/mnras/stu080},
   adsurl = {http://adsabs.harvard.edu/abs/2014MNRAS.439.2025D},
  adsnote = {Provided by the SAO/NASA Astrophysics Data System}
}

@ARTICLE{2016MNRAS.456.2183D,
   author = {{Davies}, G.~R. and {Aguirre}, V.~S. and {Bedding}, T.~R. and 
	{Handberg}, R. and {Lund}, M.~N. and {Chaplin}, W.~J. and {Huber}, D. and 
	{White}, T.~R. and {Benomar}, O. and {Hekker}, S. and {Basu}, S. and 
	{Campante}, T.~L. and {Christensen-Dalsgaard}, J. and {Elsworth}, Y. and 
	{Karoff}, C. and {Kjeldsen}, H. and {Lundkvist}, M.~S. and {Metcalfe}, T.~S. and 
	{Stello}, D.},
    title = "{Oscillation frequencies for 35 Kepler solar-type planet-hosting stars using Bayesian techniques and machine learning}",
  journal = {\mnras},
archivePrefix = "arXiv",
   eprint = {1511.02105},
 primaryClass = "astro-ph.SR",
 keywords = {asteroseismology, planets and satellites: fundamental parameters, stars: evolution, stars: fundamental parameters, stars: oscillations, planetary systems},
     year = 2016,
    month = feb,
   volume = 456,
    pages = {2183-2195},
      doi = {10.1093/mnras/stv2593},
   adsurl = {http://adsabs.harvard.edu/abs/2016MNRAS.456.2183D},
  adsnote = {Provided by the SAO/NASA Astrophysics Data System}
}







@ARTICLE{2011ApJ...730...63G,
   author = {{Gai}, N. and {Basu}, S. and {Chaplin}, W.~J. and {Elsworth}, Y.
	},
    title = "{An In-depth Study of Grid-based Asteroseismic Analysis}",
  journal = {\apj},
archivePrefix = "arXiv",
   eprint = {1009.3018},
 primaryClass = "astro-ph.SR",
 keywords = {methods: data analysis, stars: fundamental parameters, stars: interiors, stars: oscillations},
     year = 2011,
    month = apr,
   volume = 730,
      eid = {63},
    pages = {63},
      doi = {10.1088/0004-637X/730/2/63},
   adsurl = {http://adsabs.harvard.edu/abs/2011ApJ...730...63G},
  adsnote = {Provided by the SAO/NASA Astrophysics Data System}
}




@ARTICLE{2009A&A...508..849G,
  author = {{Gai}, N. and {Bi}, S.~L. and {Tang}, Y.~K. and {Li}, L.~H.},
  title = {{Asteroseismic study of helium and heavy element diffusion in solar-type
	stars}},
  journal = {\aap},
  year = {2009},
  volume = {508},
  pages = {849-854},
  month = dec,
  adsnote = {Provided by the SAO/NASA Astrophysics Data System},
  adsurl = {http://adsabs.harvard.edu/abs/2009A&A...508..849G},
  doi = {10.1051/0004-6361/200912417},
  file = {:Asteroseismology/DIagrams/aa12417-09.pdf:PDF},
  keywords = {stars: evolution, stars: interiors, stars: oscillations}
}

@ARTICLE{garcia11,
  author = {{Garc{\'{\i}}a}, R.~A. and {Salabert}, D. and {Ballot}, J. and {Sato},
	K. and {Mathur}, S. and {Jim{\'e}nez}, A.},
  title = {{The acoustic low-degree modes of the Sun measured with 14 years
	of continuous GOLF {\&} VIRGO measurements}},
  journal = {Journal of Physics Conference Series},
  year = {2011},
  volume = {271},
  pages = {012049},
  number = {1},
  month = jan,
  eid = {012049},
  adsnote = {Provided by the SAO/NASA Astrophysics Data System},
  adsurl = {http://adsabs.harvard.edu/abs/2011JPhCS.271a2049G},
  archiveprefix = {arXiv},
  doi = {10.1088/1742-6596/271/1/012049},
  eprint = {1012.0501},
  primaryclass = {astro-ph.SR}
}

@ARTICLE{1987Natur.326..257G,
  author = {{Gough}, D.},
  title = {{Seismological measurement of stellar ages}},
  journal = {\nat},
  year = {1987},
  volume = {326},
  pages = {257-259},
  month = mar,
  adsnote = {Provided by the SAO/NASA Astrophysics Data System},
  adsurl = {http://adsabs.harvard.edu/abs/1987Natur.326..257G},
  doi = {10.1038/326257a0},
  file = {:Asteroseismology/Ages/326257a0.pdf:PDF},
  keywords = {Acoustic Frequencies, Main Sequence Stars, Seismology, Stellar Evolution,
	Stellar Oscillations, Abundance, Frequency Measurement, Stellar Structure}
}

@ARTICLE{1986HiA.....7..283G,
  author = {{Gough}, D.~O.},
  title = {{Solar and solar-like oscillations - Theory}},
  journal = {Highlights of Astronomy},
  year = {1986},
  volume = {7},
  pages = {283-293},
  adsnote = {Provided by the SAO/NASA Astrophysics Data System},
  adsurl = {http://adsabs.harvard.edu/abs/1986HiA.....7..283G},
  keywords = {Solar Oscillations, Stellar Oscillations, Asymptotic Properties, Helioseismology,
	Propagation Modes, Sound Waves, Stellar Cores}
}


@ARTICLE{1998SSRv...85..161G,
   author = {{Grevesse}, N. and {Sauval}, A.~J.},
    title = "{Standard Solar Composition}",
  journal = {\ssr},
 keywords = {Sun: abundances, Meteorites: abundances, Solar spectroscopy},
     year = 1998,
    month = may,
   volume = 85,
    pages = {161-174},
      doi = {10.1023/A:1005161325181},
   adsurl = {http://adsabs.harvard.edu/abs/1998SSRv...85..161G},
  adsnote = {Provided by the SAO/NASA Astrophysics Data System}
}



@ARTICLE{2013AdSpR..52.1581H,
  author = {{Hekker}, S.},
  title = {{CoRoT and Kepler results: Solar-like oscillators}},
  journal = {Advances in Space Research},
  year = {2013},
  volume = {52},
  pages = {1581-1592},
  month = nov,
  adsnote = {Provided by the SAO/NASA Astrophysics Data System},
  adsurl = {http://adsabs.harvard.edu/abs/2013AdSpR..52.1581H},
  archiveprefix = {arXiv},
  doi = {10.1016/j.asr.2013.08.005},
  eprint = {1308.4703},
  file = {:Asteroseismology/Theory/hekker.pdf:PDF},
  primaryclass = {astro-ph.SR}
}

@ARTICLE{2007MNRAS.375..861H,
  author = {{Houdek}, G. and {Gough}, D.~O.},
  title = {{An asteroseismic signature of helium ionization}},
  journal = {\mnras},
  year = {2007},
  volume = {375},
  pages = {861-880},
  month = mar,
  adsnote = {Provided by the SAO/NASA Astrophysics Data System},
  adsurl = {http://adsabs.harvard.edu/abs/2007MNRAS.375..861H},
  doi = {10.1111/j.1365-2966.2006.11325.x},
  eprint = {astro-ph/0612030},
  file = {:Asteroseismology/Glitches/2007MNRAS.375..861H.pdf:PDF},
  keywords = {Sun: abundances, Sun: oscillations, stars: abundances, stars: interiors,
	stars: oscillations}
}


@ARTICLE{2005A&A...436..127J,
   author = {{J{\o}rgensen}, B.~R. and {Lindegren}, L.},
    title = "{Determination of stellar ages from isochrones: Bayesian estimation versus isochrone fitting}",
  journal = {\aap},
 keywords = {stars: fundamental parameters, stars: evolution, solar neighbourhood, methods: data analysis, methods: statistical},
     year = 2005,
    month = jun,
   volume = 436,
    pages = {127-143},
      doi = {10.1051/0004-6361:20042185},
   adsurl = {http://adsabs.harvard.edu/abs/2005A&A...436..127J},
  adsnote = {Provided by the SAO/NASA Astrophysics Data System}
}



@ARTICLE{1995A&A...293...87K,
  author = {{Kjeldsen}, H. and {Bedding}, T.~R.},
  title = {{Amplitudes of stellar oscillations: the implications for asteroseismology.}},
  journal = {\aap},
  year = {1995},
  volume = {293},
  pages = {87-106},
  month = jan,
  adsnote = {Provided by the SAO/NASA Astrophysics Data System},
  adsurl = {http://adsabs.harvard.edu/abs/1995A&A...293...87K},
  eprint = {astro-ph/9403015}
}

@ARTICLE{2014A&A...569A..21L,
  author = {{Lebreton}, Y. and {Goupil}, M.~J.},
  title = {{Asteroseismology for ''{\`a} la carte'' stellar age-dating and weighing.
	Age and mass of the CoRoT exoplanet host HD 52265}},
  journal = {\aap},
  year = {2014},
  volume = {569},
  pages = {A21},
  month = sep,
  eid = {A21},
  adsnote = {Provided by the SAO/NASA Astrophysics Data System},
  adsurl = {http://adsabs.harvard.edu/abs/2014A&A...569A..21L},
  archiveprefix = {arXiv},
  doi = {10.1051/0004-6361/201423797},
  eprint = {1406.0652},
  file = {:Asteroseismology/Ages/aa23797-14.pdf:PDF},
  keywords = {asteroseismology, stars: evolution, stars: fundamental parameters,
	planets and satellites: fundamental parameters, stars: individual:
	HD 52265, stars: interiors},
  primaryclass = {astro-ph.SR}
}

@ARTICLE{2010A&A...509A..84L,
  author = {{Ludwig}, H.-G. and {Caffau}, E. and {Steffen}, M. and {Bonifacio},
	P. and {Sbordone}, L.},
  title = {{Accuracy of spectroscopy-based radioactive dating of stars}},
  journal = {\aap},
  year = {2010},
  volume = {509},
  pages = {A84},
  month = jan,
  eid = {A84},
  adsnote = {Provided by the SAO/NASA Astrophysics Data System},
  adsurl = {http://adsabs.harvard.edu/abs/2010A&A...509A..84L},
  archiveprefix = {arXiv},
  doi = {10.1051/0004-6361/200810780},
  eprint = {0911.4251},
  file = {:Asteroseismology/Ages/aa10780-08.pdf:PDF},
  keywords = {Sun: abundances, stars: abundances, stars: fundamental parameters,
	line: formation},
  primaryclass = {astro-ph.IM}
}

@ARTICLE{2005A&A...441.1079M,
  author = {{Mazumdar}, A.},
  title = {{Asteroseismic diagrams for solar-type stars}},
  journal = {\aap},
  year = {2005},
  volume = {441},
  pages = {1079-1086},
  month = oct,
  adsnote = {Provided by the SAO/NASA Astrophysics Data System},
  adsurl = {http://adsabs.harvard.edu/abs/2005A&A...441.1079M},
  doi = {10.1051/0004-6361:20042348},
  eprint = {astro-ph/0507077},
  file = {:Asteroseismology/DIagrams/aa2348-04.pdf:PDF},
  keywords = {stars: oscillations, stars: interiors}
}

@ARTICLE{2014ApJS..214...27M,
   author = {{Metcalfe}, T.~S. and {Creevey}, O.~L. and {Do{\u g}an}, G. and 
	{Mathur}, S. and {Xu}, H. and {Bedding}, T.~R. and {Chaplin}, W.~J. and 
	{Christensen-Dalsgaard}, J. and {Karoff}, C. and {Trampedach}, R. and 
	{Benomar}, O. and {Brown}, B.~P. and {Buzasi}, D.~L. and {Campante}, T.~L. and 
	{{\c C}elik}, Z. and {Cunha}, M.~S. and {Davies}, G.~R. and 
	{Deheuvels}, S. and {Derekas}, A. and {Di Mauro}, M.~P. and 
	{Garc{\'{\i}}a}, R.~A. and {Guzik}, J.~A. and {Howe}, R. and 
	{MacGregor}, K.~B. and {Mazumdar}, A. and {Montalb{\'a}n}, J. and 
	{Monteiro}, M.~J.~P.~F.~G. and {Salabert}, D. and {Serenelli}, A. and 
	{Stello}, D. and {Steslicki}, M. and 
	{Suran}, M.~D. and {Y{\i}ld{\i}z}, M. and {Aksoy}, C. and {Elsworth}, Y. and 
	{Gruberbauer}, M. and {Guenther}, D.~B. and {Lebreton}, Y. and 
	{Molaverdikhani}, K. and {Pricopi}, D. and {Simoniello}, R. and 
	{White}, T.~R.},
    title = "{Properties of 42 Solar-type Kepler Targets from the Asteroseismic Modeling Portal}",
  journal = {\apjs},
archivePrefix = "arXiv",
   eprint = {1402.3614},
 primaryClass = "astro-ph.SR",
 keywords = {methods: numerical, stars: evolution, stars: interiors, stars: oscillations},
     year = 2014,
    month = oct,
   volume = 214,
      eid = {27},
    pages = {27},
      doi = {10.1088/0067-0049/214/2/27},
   adsurl = {http://adsabs.harvard.edu/abs/2014ApJS..214...27M},
  adsnote = {Provided by the SAO/NASA Astrophysics Data System}
}


@ARTICLE{2013MNRAS.429..423M,
   author = {{Miglio}, A. and {Chiappini}, C. and {Morel}, T. and {Barbieri}, M. and 
	{Chaplin}, W.~J. and {Girardi}, L. and {Montalb{\'a}n}, J. and 
	{Valentini}, M. and {Mosser}, B. and {Baudin}, F. and {Casagrande}, L. and 
	{Fossati}, L. and {Aguirre}, V.~S. and {Baglin}, A.},
    title = "{Galactic archaeology: mapping and dating stellar populations with asteroseismology of red-giant stars}",
  journal = {\mnras},
archivePrefix = "arXiv",
   eprint = {1211.0146},
 keywords = {asteroseismology, stars: distances, Galaxy: disc},
     year = 2013,
    month = feb,
   volume = 429,
    pages = {423-428},
      doi = {10.1093/mnras/sts345},
   adsurl = {http://adsabs.harvard.edu/abs/2013MNRAS.429..423M},
  adsnote = {Provided by the SAO/NASA Astrophysics Data System}
}




@ARTICLE{2005A&A...441..615M,
   author = {{Miglio}, A. and {Montalb{\'a}n}, J.},
    title = "{Constraining fundamental stellar parameters using seismology. Application to {$\alpha$} Centauri AB}",
  journal = {\aap},
   eprint = {astro-ph/0505537},
 keywords = {stars: oscillations, stars: interiors, stars: fundamental parameters, stars: individual: {$\alpha$} Cen},
     year = 2005,
    month = oct,
   volume = 441,
    pages = {615-629},
      doi = {10.1051/0004-6361:20052988},
   adsurl = {http://adsabs.harvard.edu/abs/2005A&A...441..615M},
  adsnote = {Provided by the SAO/NASA Astrophysics Data System}
}



@INPROCEEDINGS{2002ESASP.485..291M,
  author = {{Monteiro}, M.~J.~P.~F.~G. and {Christensen-Dalsgaard}, J. and {Thompson},
	M.~J.},
  title = {{Asteroseismic inference for solar-type stars}},
  booktitle = {Stellar Structure and Habitable Planet Finding},
  year = {2002},
  editor = {{Battrick}, B. and {Favata}, F. and {Roxburgh}, I.~W. and {Galadi},
	D. },
  volume = {485},
  series = {ESA Special Publication},
  pages = {291-298},
  month = jan,
  adsnote = {Provided by the SAO/NASA Astrophysics Data System},
  adsurl = {http://adsabs.harvard.edu/abs/2002ESASP.485..291M},
  eprint = {astro-ph/0110445},
  file = {:Asteroseismology/DIagrams/2002ESASP_485__291M.pdf:PDF},
  keywords = {Asteroseismology, Solar-Type Stars, Stellar Evolution, Convection}
}

@ARTICLE{2013A&A...550A.126M,
  author = {{Mosser}, B. and {Michel}, E. and {Belkacem}, K. and {Goupil}, M.~J.
	and {Baglin}, A. and {Barban}, C. and {Provost}, J. and {Samadi},
	R. and {Auvergne}, M. and {Catala}, C.},
  title = {{Asymptotic and measured large frequency separations}},
  journal = {\aap},
  year = {2013},
  volume = {550},
  pages = {A126},
  month = feb,
  eid = {A126},
  adsnote = {Provided by the SAO/NASA Astrophysics Data System},
  adsurl = {http://adsabs.harvard.edu/abs/2013A&A...550A.126M},
  archiveprefix = {arXiv},
  doi = {10.1051/0004-6361/201220435},
  eprint = {1212.1687},
  file = {:Asteroseismology/Theory/aa20435-12.pdf:PDF},
  keywords = {stars: oscillations, stars: interiors, methods: analytical, methods:
	data analysis},
  primaryclass = {astro-ph.SR}
}

@ARTICLE{2005MNRAS.356..671O,
  author = {{Ot{\'{\i}} Floranes}, H. and {Christensen-Dalsgaard}, J. and {Thompson},
	M.~J.},
  title = {{The use of frequency-separation ratios for asteroseismology}},
  journal = {\mnras},
  year = {2005},
  volume = {356},
  pages = {671-679},
  month = jan,
  adsnote = {Provided by the SAO/NASA Astrophysics Data System},
  adsurl = {http://adsabs.harvard.edu/abs/2005MNRAS.356..671O},
  doi = {10.1111/j.1365-2966.2004.08487.x},
  file = {:Asteroseismology/DIagrams/2005MNRAS_356__671O.pdf:PDF},
  keywords = {Sun: oscillations, stars: interiors, stars: variables: other}
}



@article{Paxton2011,
author = {Paxton, Bill and Bildsten, Lars and Dotter, Aaron and Herwig, Falk and Lesaffre, Pierre and Timmes, Frank},
doi = {10.1088/0067-0049/192/1/3},
file = {:home/angelou/Downloads/document(1).pdf:pdf},
issn = {0067-0049},
journal = {The Astrophysical Journal Supplement Series},
keywords = {color figures,evolution,general,methods,numerical,online-only material,stars},
number = {1},
pages = {3},
title = {{Modules for Experiments in Stellar Astrophysics (Mesa)}},
url = {http://stacks.iop.org/0067-0049/192/i=1/a=3?key=crossref.4bfe81c8d21794a47ae04409880eee28},
volume = {192},
year = {2011}
}



@ARTICLE{2013ApJS..208....4P,
   author = {{Paxton}, B. and {Cantiello}, M. and {Arras}, P. and {Bildsten}, L. and 
	{Brown}, E.~F. and {Dotter}, A. and {Mankovich}, C. and {Montgomery}, M.~H. and 
	{Stello}, D. and {Timmes}, F.~X. and {Townsend}, R.},
    title = "{Modules for Experiments in Stellar Astrophysics (MESA): Planets, Oscillations, Rotation, and Massive Stars}",
  journal = {\apjs},
archivePrefix = "arXiv",
   eprint = {1301.0319},
 primaryClass = "astro-ph.SR",
 keywords = {asteroseismology, methods: numerical, planets and satellites: physical evolution, stars: evolution, stars: massive, stars: rotation},
     year = 2013,
    month = sep,
   volume = 208,
      eid = {4},
    pages = {4},
      doi = {10.1088/0067-0049/208/1/4},
   adsurl = {http://adsabs.harvard.edu/abs/2013ApJS..208....4P},
  adsnote = {Provided by the SAO/NASA Astrophysics Data System}
}



@ARTICLE{2015ApJS..220...15P,
   author = {{Paxton}, B. and {Marchant}, P. and {Schwab}, J. and {Bauer}, E.~B. and 
	{Bildsten}, L. and {Cantiello}, M. and {Dessart}, L. and {Farmer}, R. and 
	{Hu}, H. and {Langer}, N. and {Townsend}, R.~H.~D. and {Townsley}, D.~M. and 
	{Timmes}, F.~X.},
    title = "{Modules for Experiments in Stellar Astrophysics (MESA): Binaries, Pulsations, and Explosions}",
  journal = {\apjs},
archivePrefix = "arXiv",
   eprint = {1506.03146},
 primaryClass = "astro-ph.SR",
 keywords = {binaries: general, methods: numerical, nuclear reactions, nucleosynthesis, abundances, shock waves, stars: evolution, stars: oscillations},
     year = 2015,
    month = sep,
   volume = 220,
      eid = {15},
    pages = {15},
      doi = {10.1088/0067-0049/220/1/15},
   adsurl = {http://adsabs.harvard.edu/abs/2015ApJS..220...15P},
  adsnote = {Provided by the SAO/NASA Astrophysics Data System}
}


@ARTICLE{2002ApJ...576.1064R,
  author = {{Rogers}, F.~J. and {Nayfonov}, A.},
  title = {{Updated and Expanded OPAL Equation-of-State Tables: Implications
	for Helioseismology}},
  journal = {\apj},
  year = {2002},
  volume = {576},
  pages = {1064-1074},
  month = sep,
  adsnote = {Provided by the SAO/NASA Astrophysics Data System},
  adsurl = {http://adsabs.harvard.edu/abs/2002ApJ...576.1064R},
  doi = {10.1086/341894},
  keywords = {Atomic Processes, Equation of State, Sun: Oscillations}
}


@ARTICLE{2010Ap&SS.328....3R,
  author = {{Roxburgh}, I.~W.},
  title = {{Asteroseismology of solar and stellar models}},
  journal = {\apss},
  year = {2010},
  volume = {328},
  pages = {3-11},
  month = jul,
  adsnote = {Provided by the SAO/NASA Astrophysics Data System},
  adsurl = {http://adsabs.harvard.edu/abs/2010Ap&SS.328....3R},
  doi = {10.1007/s10509-009-0222-4},
  file = {:Asteroseismology/Theory/rox.pdf:PDF},
  keywords = {Sun, Stars, Models, Oscillations}
}

@ARTICLE{2013MNRAS.429.3645S,
  author = {{Serenelli}, A.~M. and {Bergemann}, M. and {Ruchti}, G. and {Casagrande},
	L.},
  title = {{Bayesian analysis of ages, masses and distances to cool stars with
	non-LTE spectroscopic parameters}},
  journal = {\mnras},
  year = {2013},
  volume = {429},
  pages = {3645-3657},
  month = mar,
  adsnote = {Provided by the SAO/NASA Astrophysics Data System},
  adsurl = {http://adsabs.harvard.edu/abs/2013MNRAS.429.3645S},
  archiveprefix = {arXiv},
  doi = {10.1093/mnras/sts648},
  eprint = {1212.4497},
  file = {:Asteroseismology/Ages/MNRAS-2013-Serenelli-3645-57.pdf:PDF},
  keywords = {stars: distances, stars: evolution, stars: fundamental parameters,
	stars: late-type, Galaxy: kinematics and dynamics},
  primaryclass = {astro-ph.SR}
}

@ARTICLE{2015MNRAS.452.2127S,
   author = {{Silva Aguirre}, V. and {Davies}, G.~R. and {Basu}, S. and {Christensen-Dalsgaard}, J. and 
	{Creevey}, O. and {Metcalfe}, T.~S. and {Bedding}, T.~R. and 
	{Casagrande}, L. and {Handberg}, R. and {Lund}, M.~N. and {Nissen}, P.~E. and 
	{Chaplin}, W.~J. and {Huber}, D. and {Serenelli}, A.~M. and 
	{Stello}, D. and {Van Eylen}, V. and {Campante}, T.~L. and {Elsworth}, Y. and 
	{Gilliland}, R.~L. and {Hekker}, S. and {Karoff}, C. and {Kawaler}, S.~D. and 
	{Kjeldsen}, H. and {Lundkvist}, M.~S.},
    title = "{Ages and fundamental properties of Kepler exoplanet host stars from asteroseismology}",
  journal = {\mnras},
archivePrefix = "arXiv",
   eprint = {1504.07992},
 primaryClass = "astro-ph.SR",
 keywords = {asteroseismology, planets and satellites: fundamental parameters, stars: evolution, stars: fundamental parameters, stars: oscillations, planetary systems},
     year = 2015,
    month = sep,
   volume = 452,
    pages = {2127-2148},
      doi = {10.1093/mnras/stv1388},
   adsurl = {http://adsabs.harvard.edu/abs/2015MNRAS.452.2127S},
  adsnote = {Provided by the SAO/NASA Astrophysics Data System}
}





@ARTICLE{2010ARA&A..48..581S,
  author = {{Soderblom}, D.~R.},
  title = {{The Ages of Stars}},
  journal = {\araa},
  year = {2010},
  volume = {48},
  pages = {581-629},
  month = sep,
  adsnote = {Provided by the SAO/NASA Astrophysics Data System},
  adsurl = {http://adsabs.harvard.edu/abs/2010ARA&A..48..581S},
  archiveprefix = {arXiv},
  doi = {10.1146/annurev-astro-081309-130806},
  eprint = {1003.6074},
  file = {:Asteroseismology/Ages/annurev-astro-081309-130806.pdf:PDF},
  primaryclass = {astro-ph.SR}
}

@ARTICLE{1980ApJS...43..469T,
  author = {{Tassoul}, M.},
  title = {{Asymptotic approximations for stellar nonradial pulsations}},
  journal = {\apjs},
  year = {1980},
  volume = {43},
  pages = {469-490},
  month = aug,
  adsnote = {Provided by the SAO/NASA Astrophysics Data System},
  adsurl = {http://adsabs.harvard.edu/abs/1980ApJS...43..469T},
  doi = {10.1086/190678},
  file = {:Asteroseismology/Theory/1980ApJS...43..469T.pdf:PDF},
  keywords = {Asymptotic Methods, Stellar Models, Stellar Oscillations, Mathematical
	Models, Vibration Mode}
}

@ARTICLE{1986ApJ...306L..37U,
  author = {{Ulrich}, R.~K.},
  title = {{Determination of stellar ages from asteroseismology}},
  journal = {\apjl},
  year = {1986},
  volume = {306},
  pages = {L37-L40},
  month = jul,
  adsnote = {Provided by the SAO/NASA Astrophysics Data System},
  adsurl = {http://adsabs.harvard.edu/abs/1986ApJ...306L..37U},
  doi = {10.1086/184700},
  file = {:Asteroseismology/Ages/1986ApJ___306L__37U.pdf:PDF},
  keywords = {Cepheid Variables, Chronology, Stellar Evolution, Stellar Oscillations,
	Plasma Diagnostics, Plasma Frequencies, Seismology, Stellar Models}
}

@ARTICLE{2014ApJ...794..114V,
  author = {{Verma}, K. and {Antia}, H.~M. and {Basu}, S. and {Mazumdar}, A.
	},
  title = {{A Theoretical Study of Acoustic Glitches in Low-mass Main-sequence
	Stars}},
  journal = {\apj},
  year = {2014},
  volume = {794},
  pages = {114},
  month = oct,
  eid = {114},
  adsnote = {Provided by the SAO/NASA Astrophysics Data System},
  adsurl = {http://adsabs.harvard.edu/abs/2014ApJ...794..114V},
  archiveprefix = {arXiv},
  doi = {10.1088/0004-637X/794/2/114},
  eprint = {1408.4284},
  file = {:Asteroseismology/Glitches/apj_794_2_114.pdf:PDF},
  keywords = {stars: interiors, stars: low-mass, stars: oscillations},
  primaryclass = {astro-ph.SR}
}

@ARTICLE{2008ApSS.316...99W,
   author = {{Weiss}, A. and {Schlattl}, H.},
    title = "{GARSTEC{\mdash}the Garching Stellar Evolution Code. The direct descendant of the legendary Kippenhahn code}",
  journal = {\apss},
     year = 2008,
    month = aug,
   volume = 316,
    pages = {99-106},
      doi = {10.1007/s10509-007-9606-5},
   adsurl = {http://adsabs.harvard.edu/abs/2008Ap&SS.316...99W},
  adsnote = {Provided by the SAO/NASA Astrophysics Data System}
}

@ARTICLE{2011ApJ...743..161W,
  author = {{White}, T.~R. and {Bedding}, T.~R. and {Stello}, D. and {Christensen-Dalsgaard},
	J. and {Huber}, D. and {Kjeldsen}, H.},
  title = {{Calculating Asteroseismic Diagrams for Solar-like Oscillations}},
  journal = {\apj},
  year = {2011},
  volume = {743},
  pages = {161},
  month = dec,
  eid = {161},
  adsnote = {Provided by the SAO/NASA Astrophysics Data System},
  adsurl = {http://adsabs.harvard.edu/abs/2011ApJ...743..161W},
  archiveprefix = {arXiv},
  doi = {10.1088/0004-637X/743/2/161},
  eprint = {1109.3455},
  file = {:Asteroseismology/DIagrams/1109.3455v1.pdf:PDF},
  keywords = {stars: fundamental parameters, stars: interiors, stars: oscillations},
  primaryclass = {astro-ph.SR}
}

@ARTICLE{2003A&A...398.1081W,
  author = {{Wuchterl}, G. and {Tscharnuter}, W.~M.},
  title = {{From clouds to stars. Protostellar collapse and the evolution to
	the pre-main sequence I. Equations and evolution in the Hertzsprung-Russell
	diagram}},
  journal = {\aap},
  year = {2003},
  volume = {398},
  pages = {1081-1090},
  month = feb,
  adsnote = {Provided by the SAO/NASA Astrophysics Data System},
  adsurl = {http://adsabs.harvard.edu/abs/2003A&A...398.1081W},
  doi = {10.1051/0004-6361:20021707},
  keywords = {stars: formation, stars: pre-main sequence, evolution, hydrodynamics,
	convection}
}

@article{sobol1967distribution,
  title={On the distribution of points in a cube and the approximate evaluation of integrals},
  author={Sobol, Ilya M},
  journal={USSR Computational mathematics and mathematical physics},
  number={7},
  pages={86--112},
  year={1967}
}

@ARTICLE{2012A&A...537A..30M,
   author = {{Mosser}, B. and {Elsworth}, Y. and {Hekker}, S. and {Huber}, D. and 
	{Kallinger}, T. and {Mathur}, S. and {Belkacem}, K. and {Goupil}, M.~J. and 
	{Samadi}, R. and {Barban}, C. and {Bedding}, T.~R. and {Chaplin}, W.~J. and 
	{Garc{\'{\i}}a}, R.~A. and {Stello}, D. and {De Ridder}, J. and 
	{Middour}, C.~K. and {Morris}, R.~L. and {Quintana}, E.~V.},
    title = "{Characterization of the power excess of solar-like oscillations in red giants with Kepler}",
  journal = {\aap},
archivePrefix = "arXiv",
   eprint = {1110.0980},
 primaryClass = "astro-ph.SR",
 keywords = {stars: oscillations, stars: interiors, stars: evolution, stars: mass-loss, stars: late-type, methods: data analysis},
     year = 2012,
    month = jan,
   volume = 537,
      eid = {A30},
    pages = {A30},
      doi = {10.1051/0004-6361/201117352},
   adsurl = {http://adsabs.harvard.edu/abs/2012A&A...537A..30M},
  adsnote = {Provided by the SAO/NASA Astrophysics Data System}
}


@ARTICLE{2005A&A...436..127J,
   author = {{J{\o}rgensen}, B.~R. and {Lindegren}, L.},
    title = "{Determination of stellar ages from isochrones: Bayesian estimation versus isochrone fitting}",
  journal = {\aap},
 keywords = {stars: fundamental parameters, stars: evolution, solar neighbourhood, methods: data analysis, methods: statistical},
     year = 2005,
    month = jun,
   volume = 436,
    pages = {127-143},
      doi = {10.1051/0004-6361:20042185},
   adsurl = {http://adsabs.harvard.edu/abs/2005A&A...436..127J},
  adsnote = {Provided by the SAO/NASA Astrophysics Data System}
}

@article{10.2307/2685695,
 ISSN = {00031305},
 URL = {http://www.jstor.org/stable/2685695},
 abstract = {Suppose that X, Y, and Z are random variables and that X and Y are positively correlated and that Y and Z are likewise positively correlated. Does it follow that X and Z must be positively correlated? As we shall see by example, the answer is (perhaps surprisingly) "no." We prove, though, that if the correlations are sufficiently close to 1, then X and Z must be positively correlated. We also prove a general inequality that relates the three correlations. The ideas should be accessible to students in a first (postcalculus) course in probability and statistics.},
 author = {Eric Langford, Neil Schwertman, Margaret Owens},
 journal = {The American Statistician},
 number = {4},
 pages = {322-325},
 publisher = {Taylor & Francis, Ltd.},
 title = {Is the Property of Being Positively Correlated Transitive?},
 volume = {55},
 year = {2001}
}


@ARTICLE{2003A&A...411..215R,
   author = {{Roxburgh}, I.~W. and {Vorontsov}, S.~V.},
    title = "{The ratio of small to large separations of acoustic oscillations as a diagnostic of the interior of solar-like stars}",
  journal = {\aap},
 keywords = {stars: oscillations},
     year = 2003,
    month = nov,
   volume = 411,
    pages = {215-220},
      doi = {10.1051/0004-6361:20031318},
   adsurl = {http://adsabs.harvard.edu/abs/2003A&A...411..215R},
  adsnote = {Provided by the SAO/NASA Astrophysics Data System}
}



@Manual{R,
  title = {R: A Language and Environment for Statistical Computing},
  author = {{R Core Team}},
  organization = {R Foundation for Statistical Computing},
  address = {Vienna, Austria},
  year = {2014},
  url = {http://www.R-project.org/},
}

@Manual{magicaxis,
  title = {magicaxis: Pretty Scientific Plotting with Minor-Tick and log Minor-Tick
Support},
  author = {Aaron Robotham},
  year = {2015},
  note = {R package version 1.9.4},
  url = {http://CRAN.R-project.org/package=magicaxis},
}

@Manual{RColorBrewer,
  title = {RColorBrewer: ColorBrewer Palettes},
  author = {Erich Neuwirth},
  year = {2014},
  note = {R package version 1.1-2},
  url = {http://CRAN.R-project.org/package=RColorBrewer},
}

@Manual{akima,
  title = {akima: Interpolation of irregularly spaced data},
  author = {H. Akima R and Albrecht Gebhardt and Thomas Petzoldt and Martin Maechler},
  year = {2013},
  note = {R package version 0.5-11},
  url = {http://CRAN.R-project.org/package=akima},
}

@Manual{parallelMap,
  title = {parallelMap: Unified Interface to Parallelization Back-Ends},
  author = {Bernd Bischl and Michel Lang},
  year = {2015},
  note = {R package version 1.3},
  url = {http://CRAN.R-project.org/package=parallelMap},
}

@Manual{data.table,
  title = {data.table: Extension of Data.frame},
  author = {M Dowle and A Srinivasan and T Short and S Lianoglou with contributions from R Saporta and E Antonyan},
  year = {2015},
  note = {R package version 1.9.6},
  url = {http://CRAN.R-project.org/package=data.table},
}

@Book{lattice,
  title = {Lattice: Multivariate Data Visualization with R},
  author = {Deepayan Sarkar},
  publisher = {Springer},
  address = {New York},
  year = {2008},
  note = {ISBN 978-0-387-75968-5},
  url = {http://lmdvr.r-forge.r-project.org},
}

@Manual{corrplot,
  title = {corrplot: Visualization of a correlation matrix},
  author = {Taiyun Wei},
  year = {2013},
  note = {R package version 0.73},
  url = {http://CRAN.R-project.org/package=corrplot},
}


@ARTICLE{2014MNRAS.445L..94D,
   author = {{Davies}, G.~R. and {Handberg}, R. and {Miglio}, A. and {Campante}, T.~L. and 
	{Chaplin}, W.~J. and {Elsworth}, Y.},
    title = "{Why should we correct reported pulsation frequencies for stellar line-of-sight Doppler velocity shifts?}",
  journal = {\mnras},
archivePrefix = "arXiv",
   eprint = {1408.7042},
 primaryClass = "astro-ph.SR",
 keywords = {methods: data analysis, stars: oscillations},
     year = 2014,
    month = nov,
   volume = 445,
    pages = {L94-L98},
      doi = {10.1093/mnrasl/slu143},
   adsurl = {http://adsabs.harvard.edu/abs/2014MNRAS.445L..94D},
  adsnote = {Provided by the SAO/NASA Astrophysics Data System}
}


@ARTICLE{2015MNRAS.446.2959D,
   author = {{Davies}, G.~R. and {Chaplin}, W.~J. and {Farr}, W.~M. and {Garc{\'{\i}}a}, R.~A. and 
	{Lund}, M.~N. and {Mathis}, S. and {Metcalfe}, T.~S. and {Appourchaux}, T. and 
	{Basu}, S. and {Benomar}, O. and {Campante}, T.~L. and {Ceillier}, T. and 
	{Elsworth}, Y. and {Handberg}, R. and {Salabert}, D. and {Stello}, D.
	},
    title = "{Asteroseismic inference on rotation, gyrochronology and planetary system dynamics of 16 Cygni}",
  journal = {\mnras},
archivePrefix = "arXiv",
   eprint = {1411.1359},
 primaryClass = "astro-ph.SR",
 keywords = {planet-star interactions, stars: oscillations, stars: rotation},
     year = 2015,
    month = jan,
   volume = 446,
    pages = {2959-2966},
      doi = {10.1093/mnras/stu2331},
   adsurl = {http://adsabs.harvard.edu/abs/2015MNRAS.446.2959D},
  adsnote = {Provided by the SAO/NASA Astrophysics Data System}
}

@ARTICLE{spaceinn,
   author = {{Reese}, D.~R. and W. J. Chaplin and G. R. Davies and A. Miglio and H. M. Antia and W. H. Ball and S. Basu and G. Buldgen and J. Christensen-Dalsgaard and H. R. Coelho and S. Hekker and G. Houdek and Y. Lebreton and A. Mazumdar and T. S. Metcalfe and V. Silva Aguirre and D. Stello and K. Verma.},
    title = "{SpaceInn hare-and-hounds exercise I: Estimation of stellar properties using space-based asteroseismic data}",
  journal = {Submitted},
     year = 2016,
}

@ARTICLE{2013MNRAS.433.1262W,
   author = {{White}, T.~R. and {Huber}, D. and {Maestro}, V. and {Bedding}, T.~R. and 
	{Ireland}, M.~J. and {Baron}, F. and {Boyajian}, T.~S. and {Che}, X. and 
	{Monnier}, J.~D. and {Pope}, B.~J.~S. and {Roettenbacher}, R.~M. and 
	{Stello}, D. and {Tuthill}, P.~G. and {Farrington}, C.~D. and 
	{Goldfinger}, P.~J. and {McAlister}, H.~A. and {Schaefer}, G.~H. and 
	{Sturmann}, J. and {Sturmann}, L. and {ten Brummelaar}, T.~A. and 
	{Turner}, N.~H.},
    title = "{Interferometric radii of bright Kepler stars with the CHARA Array: {\thetas} Cygni and 16 Cygni A and B}",
  journal = {\mnras},
archivePrefix = "arXiv",
   eprint = {1305.1934},
 primaryClass = "astro-ph.SR",
 keywords = {techniques: interferometric, stars: individual: {\thetas} Cygni, stars: individual: 16 Cygni A, stars: individual: 16 Cygni B, stars: oscillations},
     year = 2013,
    month = aug,
   volume = 433,
    pages = {1262-1270},
      doi = {10.1093/mnras/stt802},
   adsurl = {http://adsabs.harvard.edu/abs/2013MNRAS.433.1262W},
  adsnote = {Provided by the SAO/NASA Astrophysics Data System}
}

@article{geurts2006extremely,
  title={Extremely randomized trees},
  author={Geurts, Pierre and Ernst, Damien and Wehenkel, Louis},
  journal={Machine learning},
  volume={63},
  number={1},
  pages={3--42},
  year={2006},
  publisher={Springer}
}

@ARTICLE{2002ApJS..141..503N,
   author = {{Nidever}, D.~L. and {Marcy}, G.~W. and {Butler}, R.~P. and 
	{Fischer}, D.~A. and {Vogt}, S.~S.},
    title = "{Radial Velocities for 889 Late-Type Stars}",
  journal = {\apjs},
   eprint = {astro-ph/0112477},
 keywords = {Stars: Binaries: Spectroscopic, Catalogs, Stars: Fundamental Parameters, Stars: Kinematics, Stars: Late-Type, Techniques: Radial Velocities, Techniques: Spectroscopic},
     year = 2002,
    month = aug,
   volume = 141,
    pages = {503-522},
      doi = {10.1086/340570},
   adsurl = {http://cdsads.u-strasbg.fr/abs/2002ApJS..141..503N},
  adsnote = {Provided by the SAO/NASA Astrophysics Data System}
}


@ARTICLE{2002AJ....124.1144L,
   author = {{Latham}, D.~W. and {Stefanik}, R.~P. and {Torres}, G. and {Davis}, R.~J. and 
	{Mazeh}, T. and {Carney}, B.~W. and {Laird}, J.~B. and {Morse}, J.~A.
	},
    title = "{A Survey of Proper-Motion Stars. XVI. Orbital Solutions for 171 Single-lined Spectroscopic Binaries}",
  journal = {\aj},
 keywords = {Stars: Binaries: Spectroscopic, Galaxy: Halo},
     year = 2002,
    month = aug,
   volume = 124,
    pages = {1144-1161},
      doi = {10.1086/341384},
   adsurl = {http://cdsads.u-strasbg.fr/abs/2002AJ....124.1144L},
  adsnote = {Provided by the SAO/NASA Astrophysics Data System}
}

@ARTICLE{2013A&A...554A..84M,
   author = {{Maldonado}, J. and {Villaver}, E. and {Eiroa}, C.},
    title = "{The metallicity signature of evolved stars with planets}",
  journal = {\aap},
archivePrefix = "arXiv",
   eprint = {1303.3418},
 primaryClass = "astro-ph.EP",
 keywords = {techniques: spectroscopic, stars: abundances, stars: late-type, planetary systems},
     year = 2013,
    month = jun,
   volume = 554,
      eid = {A84},
    pages = {A84},
      doi = {10.1051/0004-6361/201321082},
   adsurl = {http://cdsads.u-strasbg.fr/abs/2013A&A...554A..84M},
  adsnote = {Provided by the SAO/NASA Astrophysics Data System}
}

@ARTICLE{2006AstL...32..759G,
   author = {{Gontcharov}, G.~A.},
    title = "{Pulkovo Compilation of Radial Velocities for 35 495 Hipparcos stars in a common system}",
  journal = {Astronomy Letters},
     year = 2006,
    month = nov,
   volume = 32,
    pages = {759-771},
      doi = {10.1134/S1063773706110065},
   adsurl = {http://cdsads.u-strasbg.fr/abs/2006AstL...32..759G},
  adsnote = {Provided by the SAO/NASA Astrophysics Data System}
}


@ARTICLE{2009A&A...508L..17R,
   author = {{Ram{\'{\i}}rez}, I. and {Mel{\'e}ndez}, J. and {Asplund}, M.
	},
    title = "{Accurate abundance patterns of solar twins and analogs. Does the anomalous solar chemical composition come from planet formation?}",
  journal = {\aap},
 keywords = {stars: abundances, Sun: abundances, planetary systems},
     year = 2009,
    month = dec,
   volume = 508,
    pages = {L17-L20},
      doi = {10.1051/0004-6361/200913038},
   adsurl = {http://adsabs.harvard.edu/abs/2009A&A...508L..17R},
  adsnote = {Provided by the SAO/NASA Astrophysics Data System}
}



@MISC {23145595,
    TITLE = {Sample equidistant points from a numeric vector},
    YEAR = 2014,
    AUTHOR = {Florent Delmotte},
    HOWPUBLISHED = {StackOverflow},
    NOTE = {http://stackoverflow.com/questions/23145595 (version: 2014-04-18)}
}

@article{scikit-learn,
 title={Scikit-learn: Machine Learning in {P}ython},
 author={Pedregosa, F. and Varoquaux, G. and Gramfort, A. and Michel, V.
         and Thirion, B. and Grisel, O. and Blondel, M. and Prettenhofer, P.
         and Weiss, R. and Dubourg, V. and Vanderplas, J. and Passos, A. and
         Cournapeau, D. and Brucher, M. and Perrot, M. and Duchesnay, E.},
 journal={Journal of Machine Learning Research},
 volume={12},
 pages={2825--2830},
 year={2011}
}

@article{van2011numpy,
  title={The NumPy array: a structure for efficient numerical computation},
  author={Van Der Walt, Stefan and Colbert, S Chris and Varoquaux, Gael},
  journal={Computing in Science \& Engineering},
  volume={13},
  number={2},
  pages={22--30},
  year={2011},
  publisher={AIP Publishing}
}

@inproceedings{mckinney2010data,
  title={Data structures for statistical computing in Python},
  author={McKinney, Wes and others},
  booktitle={Proceedings of the 9th Python in Science Conference},
  volume={445},
  pages={51--56},
  year={2010}
}

@Manual{lpSolve,
    title = {lpSolve: Interface to lpSolve v.~5.5 to Solve Linear/Integer Programs},
    author = {Michel Berkelaar and {others}},
    year = {2015},
    note = {R package version 5.6.12},
    url = {http://CRAN.R-project.org/package=lpSolve},
}

@Book{ggplot2,
    author = {Hadley Wickham},
    title = {ggplot2: elegant graphics for data analysis},
    publisher = {Springer New York},
    year = {2009},
    isbn = {978-0-387-98140-6},
    url = {http://had.co.nz/ggplot2/book},
}

@Manual{GGally,
    title = {GGally: Extension to ggplot2.},
    author = {Barret Schloerke and Jason Crowley and Di Cook and Heike Hofmann and Hadley Wickham and Francois Briatte and Moritz Marbach and Edwin Thoen},
    year = {2014},
    note = {R package version 0.5.0},
    url = {http://CRAN.R-project.org/package=GGally},
}

@Manual{matrixStats,
    title = {matrixStats: Methods that Apply to Rows and Columns of Matrices (and to
Vectors)},
    author = {Henrik Bengtsson},
    year = {2015},
    note = {R package version 0.14.2},
    url = {http://CRAN.R-project.org/package=matrixStats},
}


@ARTICLE{2015ApJ...811L..37M,
   author = {{Metcalfe}, T.~S. and {Creevey}, O.~L. and {Davies}, G.~R.},
    title = "{Asteroseismic Modeling of 16 Cyg A {\amp} B using the Complete Kepler Data Set}",
  journal = {\apjl},
archivePrefix = "arXiv",
   eprint = {1508.00946},
 primaryClass = "astro-ph.SR",
 keywords = {stars: individual: HD 186408, HD 186427, stars: interiors, stars: oscillations, stars: solar-type},
     year = 2015,
    month = oct,
   volume = 811,
      eid = {L37},
    pages = {L37},
      doi = {10.1088/2041-8205/811/2/L37},
   adsurl = {http://adsabs.harvard.edu/abs/2015ApJ...811L..37M},
  adsnote = {Provided by the SAO/NASA Astrophysics Data System}
}


@ARTICLE{2015arXiv150707956M,
   author = {{Mohr}, P.~J. and {Newell}, D.~B. and {Taylor}, B.~N.},
    title = "{CODATA Recommended Values of the Fundamental Physical Constants: 2014}",
  journal = {ArXiv e-prints},
archivePrefix = "arXiv",
   eprint = {1507.07956},
 primaryClass = "physics.atom-ph",
 keywords = {Physics - Atomic Physics, Physics - Chemical Physics, Physics - Data Analysis, Statistics and Probability},
     year = 2015,
    month = jul,
   adsurl = {http://adsabs.harvard.edu/abs/2015arXiv150707956M},
  adsnote = {Provided by the SAO/NASA Astrophysics Data System}
}

@article{pitjeva2015determination,
  title={Determination of the Value of the Heliocentric Gravitational Constant (GM⊙) from Modern Observations of Planets and Spacecraft},
  author={Pitjeva, EV},
  journal={Journal of Physical and Chemical Reference Data},
  volume={44},
  number={3},
  pages={031210},
  year={2015},
  publisher={AIP Publishing}
}


@ARTICLE{2008ApJ...675L..53H,
   author = {{Haberreiter}, M. and {Schmutz}, W. and {Kosovichev}, A.~G.},
    title = "{Solving the Discrepancy between the Seismic and Photospheric Solar Radius}",
  journal = {\apjl},
 keywords = {Astrometry, Radiative Transfer, Sun: Fundamental Parameters, Sun: Photosphere},
     year = 2008,
    month = mar,
   volume = 675,
    pages = {L53-L56},
      doi = {10.1086/529492},
   adsurl = {http://adsabs.harvard.edu/abs/2008ApJ...675L..53H},
  adsnote = {Provided by the SAO/NASA Astrophysics Data System}
}


@ARTICLE{2016arXiv160200902V,
   author = {{Verma}, K. and {Hanasoge}, S. and {Bhattacharya}, J. and {Antia}, H. and 
	{Krishnamurthy}, G.},
    title = "{Multi-Layered Neural Networks Infer Fundamental Stellar Parameters}",
  journal = {ArXiv e-prints},
archivePrefix = "arXiv",
   eprint = {1602.00902},
 primaryClass = "astro-ph.SR",
 keywords = {Astrophysics - Solar and Stellar Astrophysics},
     year = 2016,
    month = feb,
   adsurl = {http://adsabs.harvard.edu/abs/2016arXiv160200902V},
  adsnote = {Provided by the SAO/NASA Astrophysics Data System}
}



@article{breiman2001random,
  title={Random forests},
  author={Breiman, Leo},
  journal={Machine learning},
  volume={45},
  number={1},
  pages={5--32},
  year={2001},
  publisher={Springer}
}

@article{hastie2005elements,
  title={The elements of statistical learning: data mining, inference and prediction},
  author={Hastie, Trevor and Tibshirani, Robert and Friedman, Jerome and Franklin, James},
  journal={The Mathematical Intelligencer},
  volume={27},
  number={2},
  pages={83--85},
  year={2005},
  publisher={Springer}
}

@ARTICLE{2002A&A...390..611M,
   author = {{Morel}, P. and {Th{\'e}venin}, F.},
    title = "{Atomic diffusion in star models of type earlier than G}",
  journal = {\aap},
   eprint = {astro-ph/0205434},
 keywords = {diffusion, stars: abundances, stars: evolution, Hertzsprung-Russell (HR) and C-M diagrams},
     year = 2002,
    month = aug,
   volume = 390,
    pages = {611-620},
      doi = {10.1051/0004-6361:20020768},
   adsurl = {http://adsabs.harvard.edu/abs/2002A&A...390..611M},
  adsnote = {Provided by the SAO/NASA Astrophysics Data System}
}

@ARTICLE{2014ApJ...790..138V,
   author = {{Verma}, K. and {Faria}, J.~P. and {Antia}, H.~M. and {Basu}, S. and 
	{Mazumdar}, A. and {Monteiro}, M.~J.~P.~F.~G. and {Appourchaux}, T. and 
	{Chaplin}, W.~J. and {Garc{\'{\i}}a}, R.~A. and {Metcalfe}, T.~S.
	},
    title = "{Asteroseismic Estimate of Helium Abundance of a Solar Analog Binary System}",
  journal = {\apj},
archivePrefix = "arXiv",
   eprint = {1405.7512},
 primaryClass = "astro-ph.SR",
 keywords = {stars: abundances, stars: individual: HD 186408 HD 186427, stars: interiors, stars: oscillations, stars: solar-type},
     year = 2014,
    month = aug,
   volume = 790,
      eid = {138},
    pages = {138},
      doi = {10.1088/0004-637X/790/2/138},
   adsurl = {http://adsabs.harvard.edu/abs/2014ApJ...790..138V},
  adsnote = {Provided by the SAO/NASA Astrophysics Data System}
}

@ARTICLE{2008ApSS.316...31D,
   author = {{Demarque}, P. and {Guenther}, D.~B. and {Li}, L.~H. and {Mazumdar}, A. and 
	{Straka}, C.~W.},
    title = "{YREC: the Yale rotating stellar evolution code. Non-rotating version, seismology applications}",
  journal = {\apss},
archivePrefix = "arXiv",
   eprint = {0710.4003},
     year = 2008,
    month = aug,
   volume = 316,
    pages = {31-41},
      doi = {10.1007/s10509-007-9698-y},
   adsurl = {http://adsabs.harvard.edu/abs/2008Ap&SS.316...31D},
  adsnote = {Provided by the SAO/NASA Astrophysics Data System}
}

@misc{TOP500,
    author = {TOP500},
    year = {2015},
    month = nov,
    title = {TOP500 Supercomputer Site},
    url = {http://www.top500.org}
}

@ARTICLE{2014ExA....38..249R,
   author = {{Rauer}, H. and {Catala}, C. and {Aerts}, C. and {Appourchaux}, T. and 
	{Benz}, W. and {Brandeker}, A. and {Christensen-Dalsgaard}, J. and 
	{Deleuil}, M. and {Gizon}, L. and {Goupil}, M.-J. and {G{\"u}del}, M. and 
	{Janot-Pacheco}, E. and {Mas-Hesse}, M. and {Pagano}, I. and 
	{Piotto}, G. and {Pollacco}, D. and {Santos}, {\.C}. and {Smith}, A. and 
	{Su{\'a}rez}, J.-C. and {Szab{\'o}}, R. and {Udry}, S. and {Adibekyan}, V. and 
	{Alibert}, Y. and {Almenara}, J.-M. and {Amaro-Seoane}, P. and 
	{Eiff}, M.~A.-v. and {Asplund}, M. and {Antonello}, E. and {Barnes}, S. and 
	{Baudin}, F. and {Belkacem}, K. and {Bergemann}, M. and {Bihain}, G. and 
	{Birch}, A.~C. and {Bonfils}, X. and {Boisse}, I. and {Bonomo}, A.~S. and 
	{Borsa}, F. and {Brand{\~a}o}, I.~M. and {Brocato}, E. and {Brun}, S. and 
	{Burleigh}, M. and {Burston}, R. and {Cabrera}, J. and {Cassisi}, S. and 
	{Chaplin}, W. and {Charpinet}, S. and {Chiappini}, C. and {Church}, R.~P. and 
	{Csizmadia}, S. and {Cunha}, M. and {Damasso}, M. and {Davies}, M.~B. and 
	{Deeg}, H.~J. and {D{\'{\i}}az}, R.~F. and {Dreizler}, S. and 
	{Dreyer}, C. and {Eggenberger}, P. and {Ehrenreich}, D. and 
	{Eigm{\"u}ller}, P. and {Erikson}, A. and {Farmer}, R. and {Feltzing}, S. and 
	{de Oliveira Fialho}, F. and {Figueira}, P. and {Forveille}, T. and 
	{Fridlund}, M. and {Garc{\'{\i}}a}, R.~A. and {Giommi}, P. and 
	{Giuffrida}, G. and {Godolt}, M. and {Gomes da Silva}, J. and 
	{Granzer}, T. and {Grenfell}, J.~L. and {Grotsch-Noels}, A. and 
	{G{\"u}nther}, E. and {Haswell}, C.~A. and {Hatzes}, A.~P. and 
	{H{\'e}brard}, G. and {Hekker}, S. and {Helled}, R. and {Heng}, K. and 
	{Jenkins}, J.~M. and {Johansen}, A. and {Khodachenko}, M.~L. and 
	{Kislyakova}, K.~G. and {Kley}, W. and {Kolb}, U. and {Krivova}, N. and 
	{Kupka}, F. and {Lammer}, H. and {Lanza}, A.~F. and {Lebreton}, Y. and 
	{Magrin}, D. and {Marcos-Arenal}, P. and {Marrese}, P.~M. and 
	{Marques}, J.~P. and {Martins}, J. and {Mathis}, S. and {Mathur}, S. and 
	{Messina}, S. and {Miglio}, A. and {Montalban}, J. and {Montalto}, M. and 
	{Monteiro}, M.~J.~P.~F.~G. and {Moradi}, H. and {Moravveji}, E. and 
	{Mordasini}, C. and {Morel}, T. and {Mortier}, A. and {Nascimbeni}, V. and 
	{Nelson}, R.~P. and {Nielsen}, M.~B. and {Noack}, L. and {Norton}, A.~J. and 
	{Ofir}, A. and {Oshagh}, M. and {Ouazzani}, R.-M. and {P{\'a}pics}, P. and 
	{Parro}, V.~C. and {Petit}, P. and {Plez}, B. and {Poretti}, E. and 
	{Quirrenbach}, A. and {Ragazzoni}, R. and {Raimondo}, G. and 
	{Rainer}, M. and {Reese}, D.~R. and {Redmer}, R. and {Reffert}, S. and 
	{Rojas-Ayala}, B. and {Roxburgh}, I.~W. and {Salmon}, S. and 
	{Santerne}, A. and {Schneider}, J. and {Schou}, J. and {Schuh}, S. and 
	{Schunker}, H. and {Silva-Valio}, A. and {Silvotti}, R. and 
	{Skillen}, I. and {Snellen}, I. and {Sohl}, F. and {Sousa}, S.~G. and 
	{Sozzetti}, A. and {Stello}, D. and {Strassmeier}, K.~G. and 
	{{\v S}vanda}, M. and {Szab{\'o}}, G.~M. and {Tkachenko}, A. and 
	{Valencia}, D. and {Van Grootel}, V. and {Vauclair}, S.~D. and 
	{Ventura}, P. and {Wagner}, F.~W. and {Walton}, N.~A. and {Weingrill}, J. and 
	{Werner}, S.~C. and {Wheatley}, P.~J. and {Zwintz}, K.},
    title = "{The PLATO 2.0 mission}",
  journal = {Experimental Astronomy},
archivePrefix = "arXiv",
   eprint = {1310.0696},
 primaryClass = "astro-ph.EP",
 keywords = {Exoplanets, Asteroseismology, Transit survey, Stellar science, Exoplanetary science},
     year = 2014,
    month = nov,
   volume = 38,
    pages = {249-330},
      doi = {10.1007/s10686-014-9383-4},
   adsurl = {http://adsabs.harvard.edu/abs/2014ExA....38..249R},
  adsnote = {Provided by the SAO/NASA Astrophysics Data System}
}


@ARTICLE{2015JATIS...1a4003R,
   author = {{Ricker}, G.~R. and {Winn}, J.~N. and {Vanderspek}, R. and {Latham}, D.~W. and 
	{Bakos}, G.~{\'A}. and {Bean}, J.~L. and {Berta-Thompson}, Z.~K. and 
	{Brown}, T.~M. and {Buchhave}, L. and {Butler}, N.~R. and {Butler}, R.~P. and 
	{Chaplin}, W.~J. and {Charbonneau}, D. and {Christensen-Dalsgaard}, J. and 
	{Clampin}, M. and {Deming}, D. and {Doty}, J. and {De Lee}, N. and 
	{Dressing}, C. and {Dunham}, E.~W. and {Endl}, M. and {Fressin}, F. and 
	{Ge}, J. and {Henning}, T. and {Holman}, M.~J. and {Howard}, A.~W. and 
	{Ida}, S. and {Jenkins}, J.~M. and {Jernigan}, G. and {Johnson}, J.~A. and 
	{Kaltenegger}, L. and {Kawai}, N. and {Kjeldsen}, H. and {Laughlin}, G. and 
	{Levine}, A.~M. and {Lin}, D. and {Lissauer}, J.~J. and {MacQueen}, P. and 
	{Marcy}, G. and {McCullough}, P.~R. and {Morton}, T.~D. and 
	{Narita}, N. and {Paegert}, M. and {Palle}, E. and {Pepe}, F. and 
	{Pepper}, J. and {Quirrenbach}, A. and {Rinehart}, S.~A. and 
	{Sasselov}, D. and {Sato}, B. and {Seager}, S. and {Sozzetti}, A. and 
	{Stassun}, K.~G. and {Sullivan}, P. and {Szentgyorgyi}, A. and 
	{Torres}, G. and {Udry}, S. and {Villasenor}, J.},
    title = "{Transiting Exoplanet Survey Satellite (TESS)}",
  journal = {Journal of Astronomical Telescopes, Instruments, and Systems},
     year = 2015,
    month = jan,
   volume = 1,
   number = 1,
      eid = {014003},
    pages = {014003},
      doi = {10.1117/1.JATIS.1.1.014003},
   adsurl = {http://adsabs.harvard.edu/abs/2015JATIS...1a4003R},
  adsnote = {Provided by the SAO/NASA Astrophysics Data System}
}

@ARTICLE{2010arXiv1012.3754A,
   author = {{Andrae}, R. and {Schulze-Hartung}, T. and {Melchior}, P.},
    title = "{Dos and don'ts of reduced chi-squared}",
  journal = {ArXiv e-prints},
archivePrefix = "arXiv",
   eprint = {1012.3754},
 primaryClass = "astro-ph.IM",
 keywords = {Astrophysics - Instrumentation and Methods for Astrophysics, Physics - Data Analysis, Statistics and Probability, Statistics - Methodology},
     year = 2010,
    month = dec,
   adsurl = {http://adsabs.harvard.edu/abs/2010arXiv1012.3754A},
  adsnote = {Provided by the SAO/NASA Astrophysics Data System}
}

@ARTICLE{2015ASSP...39..111C,
   author = {{Chiappini}, C. and {Minchev}, I. and {Anders}, F. and {Brauer}, D. and 
	{Boeche}, C. and {Martig}, M.},
    title = "{New Observational Constraints to Milky Way Chemodynamical Models}",
  journal = {Astrophysics and Space Science Proceedings},
archivePrefix = "arXiv",
   eprint = {1409.2275},
 primaryClass = "astro-ph.SR",
 keywords = {Physics},
     year = 2015,
   volume = 39,
    pages = {111},
      doi = {10.1007/978-3-319-10993-0_13},
   adsurl = {http://adsabs.harvard.edu/abs/2015ASSP...39..111C},
  adsnote = {Provided by the SAO/NASA Astrophysics Data System}
}


@ARTICLE{2009ApJ...699..373M,
   author = {{Metcalfe}, T.~S. and {Creevey}, O.~L. and {Christensen-Dalsgaard}, J.
	},
    title = "{A Stellar Model-fitting Pipeline for Asteroseismic Data from the Kepler Mission}",
  journal = {\apj},
archivePrefix = "arXiv",
   eprint = {0903.0616},
 primaryClass = "astro-ph.SR",
 keywords = {methods: numerical, stars: interiors, stars: oscillations},
     year = 2009,
    month = jul,
   volume = 699,
    pages = {373-382},
      doi = {10.1088/0004-637X/699/1/373},
   adsurl = {http://adsabs.harvard.edu/abs/2009ApJ...699..373M},
  adsnote = {Provided by the SAO/NASA Astrophysics Data System}
}

@ARTICLE{1994MNRAS.269.1137B,
   author = {{Basu}, S. and {Antia}, H.~M.},
    title = "{Effects of Diffusion on the Extent of Overshoot Below the Solar Convection Zone}",
  journal = {\mnras},
     year = 1994,
    month = aug,
   volume = 269,
    pages = {1137},
      doi = {10.1093/mnras/269.4.1137},
   adsurl = {http://adsabs.harvard.edu/abs/1994MNRAS.269.1137B},
  adsnote = {Provided by the SAO/NASA Astrophysics Data System}
}

@article{hampel1971general,
  title={A general qualitative definition of robustness},
  author={Hampel, Frank R},
  journal={The Annals of Mathematical Statistics},
  pages={1887--1896},
  year={1971},
  publisher={JSTOR}
}

@incollection{pulone1997age,
  title={Age estimates of stellar systems by Artificial Neural Networks},
  author={Pulone, L and Scaramella, R},
  booktitle={Neural Nets WIRN VIETRI-96},
  pages={231--236},
  year={1997},
  publisher={Springer}
}

@Manual{scales,
  title = {scales: Scale Functions for Visualization},
  author = {Hadley Wickham},
  year = {2015},
  note = {R package version 0.3.0},
  url = {https://CRAN.R-project.org/package=scales}
}

@book{deming1943statistical,
  title={Statistical adjustment of data.},
  author={Deming, William Edwards},
  year={1943},
  publisher={Wiley}
}

@Manual{deming,
  title = {deming: Deming, Thiel-Sen and Passing-Bablock Regression},
  author = {Terry Therneau},
  year = {2014},
  note = {R package version 1.0-1},
  url = {https://CRAN.R-project.org/package=deming},
}

@ARTICLE{1999A&A...351..689R,
   author = {{Rosenthal}, C.~S. and {Christensen-Dalsgaard}, J. and {Nordlund}, {\AA}. and 
	{Stein}, R.~F. and {Trampedach}, R.},
    title = "{Convective contributions to the frequencies of solar oscillations}",
  journal = {\aap},
   eprint = {astro-ph/9803206},
 keywords = {SUN: INTERIOR, SUN: OSCILLATIONS},
     year = 1999,
    month = nov,
   volume = 351,
    pages = {689-700},
   adsurl = {http://adsabs.harvard.edu/abs/1999A&A...351..689R},
  adsnote = {Provided by the SAO/NASA Astrophysics Data System}
}

@techreport{burgers1969flow,
  title={Flow equations for composite gases},
  author={Burgers, Johannes Martinus},
  year={1969},
  institution={DTIC Document}
}

@ARTICLE{2010ApJ...725.2176Q,
   author = {{Quirion}, P.-O. and {Christensen-Dalsgaard}, J. and {Arentoft}, T.
	},
    title = "{Automatic Determination of Stellar Parameters Via Asteroseismology of Stochastically Oscillating Stars: Comparison with Direct Measurements}",
  journal = {\apj},
archivePrefix = "arXiv",
   eprint = {1009.5131},
 primaryClass = "astro-ph.SR",
 keywords = {methods: statistical, stars: fundamental parameters, stars: oscillations, stars: solar-type},
     year = 2010,
    month = dec,
   volume = 725,
    pages = {2176-2189},
      doi = {10.1088/0004-637X/725/2/2176},
   adsurl = {http://adsabs.harvard.edu/abs/2010ApJ...725.2176Q},
  adsnote = {Provided by the SAO/NASA Astrophysics Data System}
}

@article{doi:10.1146/annurev-astro-082812-140938,
    author = {William J. Chaplin and Andrea Miglio},
    title = {Asteroseismology of Solar-Type and Red-Giant Stars},
    journal = {Annual Review of Astronomy and Astrophysics},
    volume = {51},
    number = {1},
    pages = {353-392},
    year = {2013},
    doi = {10.1146/annurev-astro-082812-140938},
    URL = {http://dx.doi.org/10.1146/annurev-astro-082812-140938},
    eprint = {http://dx.doi.org/10.1146/annurev-astro-082812-140938}
}

@article{main-sequence-stats,
   author  = "{Angelou \& Bellinger et al.}", 
   year    = "\noop{3002}in prep.",
   journal = "\noop{3002}"
}

@misc{earl_bellinger_2016_55400,
  author       = {Earl Bellinger},
  title        = {{asteroseismology: Fundamental Parameters of Main-Sequence Stars in an Instant with Machine Learning}},
  month        = jun,
  year         = 2016,
  doi          = {10.5281/zenodo.55400},
  url          = {http://dx.doi.org/10.5281/zenodo.55400}
}

@article{mahalanobis1936generalized,
  title={On the generalized distance in statistics},
  author={Mahalanobis, Prasanta Chandra},
  journal={Proceedings of the National Institute of Sciences (Calcutta)},
  volume={2},
  pages={49--55},
  year={1936}
}
